%% This BibTeX bibliography file was created using BibDesk.
%% http://bibdesk.sourceforge.net/


%% Created for Mark Olson at 2014-12-20 07:20:46 +0100 


%% Saved with string encoding Unicode (UTF-8) 



@book{mooculus:textbook,
	Author = {Jim Fowler, Bart Snapp},
	Date-Added = {2014-12-20 06:17:10 +0000},
	Date-Modified = {2014-12-20 06:20:46 +0000},
	Edition = {April 10th, 2014},
	Keywords = {OnlineTextbook},
	Publisher = {Creative Commons Attribution-NonCommercial-ShareAlike License},
	Title = {Mooculus massive open online calculus},
	Read = {1},
	Note = {\url{https://github.com/ASCTech/mooculus}},
	Year = {2014}}

@misc{mathworld:algebraicexpression,
	Author = {Weisstein, Eric W.},
	Date-Added = {2014-11-13 11:39 +0000},
	Date-Modified = {2014-11-13 11:39 +0000},
	Keywords = {WolframMathworld},
	Lastchecked = {November 13, 2014 11:39},
	Note = {\url{http://mathworld.wolfram.com/AlgebraicExpression.html}},
	Read = {1},
	Title = {"Algebraic Expression." From MathWorld--A Wolfram Web Resource.}}

@misc{mathworld:asymptote,
	Author = {Weisstein, Eric W.},
	Date-Added = {2014-11-11 07:51:59 +0000},
	Date-Modified = {2014-11-11 09:02:20 +0000},
	Keywords = {WolframMathworld},
	Lastchecked = {November 12, 2014 11:38},
	Note = {\url{http://mathworld.wolfram.com/Asymptote.html}},
	Read = {1},
	Title = {"Asymptote." From MathWorld--A Wolfram Web Resource.}}

@misc{mathworld:completethesquare,
	Author = {Weisstein, Eric W.},
	Date-Added = {2014-12-06 08:48:59 CET},
	Date-Modified = {2014-12-06 08:48:59 CET},
	Keywords = {wolframmathworld},
	Lastchecked = {December 06, 2014 08:48},
	Note = {\url{http://mathworld.wolfram.com/CompletingtheSquare.html}},
	Read = {1},
	Title = {"Completing the Square." From MathWorld--A Wolfram Web Resource.}}

@misc{wikipedia:indeterminate,
	Date-Added = {2014-11-20 16:58:23 +0000},
	Date-Modified = {2014-06-01 June 2014 15:24:00 +0000},
	Keywords = {Wikipedia},
	Lastchecked = {November 20, 2014 17:00},
	Note = {\url{http://en.wikipedia.org/wiki/Indeterminate_(variable)}},
	Read = {1},
	Title = {Indeterminate (variable)}}

@misc{wikipedia:polynomial,
	Date-Added = {2014-11-20 16:58:23 +0000},
	Date-Modified = {2014-11-17 23:56:00 +0000},
	Keywords = {Wikipedia},
	Lastchecked = {November 20, 2014 17:00},
	Note = {\url{http://en.wikipedia.org/wiki/Polynomial}},
	Read = {1},
	Title = {Polynomial}}
